@online{biological-neuron-schematic,
 author  = "Wikimedia Commons",
 title   = "Schematic of a biological neuron",
 year    = "2006",
 urlseen = "10-11-16",
 url     = "https://commons.wikimedia.org/wiki/File%3aNeuron.svg",
 note    = "File: \ttfamily{Neuron.svg}",
}
