@online{biological-neuron-schematic,
 author  = "Wikimedia Commons",
 title   = "Schematic of a biological neuron",
 year    = "2006",
 urlseen = "10-11-16",
 url     = "https://commons.wikimedia.org/wiki/File%3aNeuron.svg",
 note    = "File: \ttfamily{Neuron.svg}",
}

@online{neural-network-homeomorphics-transformation,
 author  = "Christopher Olah",
 title   = "Schematic of a biological neuron",
 year    = "2014",
 urlseen = "10-11-23",
 url     = "http://colah.github.io/posts/2014-03-NN-Manifolds-Topology/",
 note    = "File: \ttfamily{topology\_2D-2D\_train.gif}",
}
